@inproceedings{carrier:event-based,
  title="An Event-Based Digital Forensic Investigation Framework",
  author="Brian D. Carrier and Eugene H. Spafford",
  booktitle="Digital Forensics Research Workshop",
  year=2004,
  url="http://www.digital-evidence.org/papers/dfrws_event.pdf"
}


@misc{encase,
  author= "{Guidance Software, Inc.}",
  title = "{EnCase Forensic}",
  year=2007,
  url = "http://www.guidancesoftware.com/products/ef_index.asp"}
}

@Misc{encase-3.0,
  title =        "{EnCase} version 3.0 Manual Revision 3.18",
  author =       "Richard Keightley",
  year =         "2003",
  publisher =    "Guidance Software",
  url="http://www.guidancesoftware.com/"
}

@misc{safeback,
  title="SafeBack Bit Stream Backup Software",
  author={NTI Forensics Source, BAE Systems},
  url="http://www.forensics-intl.com/safeback.html",
  year=2008
}



@inproceedings{pyflag,
 title = "PyFlag: An advanced network forensic framework",
 author = "M.I. Cohen",
 booktitle="Proceedings of the 2008 Digital Forensics Research Workshop",
   url="http://www.pyflag.org",
   publisher="DFRWS",
   year=2008,
   month=Aug,
   location="Baltimore, MD"
}

@inproceedings{garfinkel:aff,
  author="Simson L. Garfinkel and David {J.} Malan and Karl-Alexander Dubec and Christopher {C.} Stevens and Cecile Pham",
  title="Disk Imaging with the Advanced Forensic Format, Library and Tools",
  year="2006",
  month=Jan,
  booktitle="Research Advances in Digital Forensics (Second Annual IFIP WG 11.9 International Conference on Digital Forensics)",
  publisher="Springer"
}

@article{garfinkel:affcrypto,
  author="Simson L. Garfinkel",                    
  title="Providing Cryptographic Security and Evidentiary Chain-of-Custody with the Advanced Forensic Format, Library, and Tools",
  journal="The International Journal of Digital Crime and Forensics",
  volume=1,
  issue=1,
  month=Jan # "--" # Mar,
  year=2009
  }
  
@misc{ilook,
  title="ILook Investigator",
  url="http://ilook-forensics.org",
  year=2008,
  publisher={US Department of the Treasury},
  key="US Treasury"
}
 
@techreport{zip-format,
   title="{APPNOTE.TXT} --- {.ZIP} File Format Specification",
   year=2007,
   month=Sep # " 28",
   url="http://www.pkware.com/documents/casestudies/APPNOTE.TXT",
   institution="PKWare, Inc.",
   author="Phil Katz"
}

@Misc{RFC4122,
  author =       "P. Leach and M. Mealling and R. Salz",
  title =        "{RFC 4122}: A Universally Unique IDentifier {(UUID)} {URN} Namespace",
  month =        jul,
  year =         "2005",
  note =         "Standards Track",
  url="http://www.ietf.org/rfc/rfc4122.txt"
}

@misc{s3-aws-home-page-money,
  title="Amazon Simple Storage Service (Amazon S3)",
  publisher="Amazon Web services",
  key="Amazon",
  year=2008,
  url="http://aws.amazon.com/s3",
  month=May
}
